<?xml version="1.0" encoding="UTF-8"?><collection xmlns="http://www.loc.gov/MARC21/slim"><record><leader>00460nam--2200145-i-4500</leader><controlfield tag="001">000023270</controlfield><controlfield tag="002">20161230</controlfield><controlfield tag="005">20161230201034</controlfield><controlfield tag="008">060222s1000------------r-----000-0-eng-d</controlfield><datafield ind1=" " ind2=" " tag="080"><subfield code="a">015:551.578</subfield></datafield><datafield ind1=" " ind2=" " tag="100"><subfield code="a">Isaka, Harumi</subfield></datafield><datafield ind1=" " ind2=" " tag="245"><subfield code="a">Determination theorique et verification experimentale des conditions de formation de la glace dans l`atmosphere. tese</subfield></datafield><datafield ind1=" " ind2=" " tag="260"><subfield code="a">Clermont,Faculte Des Sciences, 1969. 173p</subfield></datafield><datafield ind1=" " ind2=" " tag="490"><subfield code="a">Serie E,No.D`Ordre 105</subfield></datafield><datafield ind1=" " ind2=" " tag="852"><subfield code="a">38028</subfield></datafield></record></collection>